@book {gm03,
    AUTHOR = {Gelfand, S. I. and Manin, Y. I.},
     TITLE = {Methods of homological algebra},
      YEAR = {2003},
       DOI = {10.1007/978-3-662-12492-5},
}
		
@book {huy06,
    AUTHOR = {Huybrechts, D.},
     TITLE = {Fourier-{M}ukai transforms in algebraic geometry},
      YEAR = {2006},
       DOI = {10.1093/acprof:oso/9780199296866.001.0001},
}

@incollection {kaw17,
    AUTHOR = {Kawamata, Y.},
     TITLE = {Birational geometry and derived categories},
      YEAR = {2017},
       URL = {https://arxiv.org/abs/1710.07370},
}

@book {mat02,
    AUTHOR = {Matsuki, K.},
     TITLE = {Introduction to the {M}ori program},
      YEAR = {2002},
       DOI = {10.1007/978-1-4757-5602-9},
}
